@misc{cite1,
  author = {Pierce, Rod},
  title = {Introduction to Derivatives},
  url = {https://www.mathsisfun.com/calculus/derivatives-introduction.html},
  year = {2017},
  organization = {Mathsisfun.com}
}

@misc{cite2,
  author = {Shroff, Rashmi},
  month = {09},
  title = {Lab report - Using calculus},
  year = {2025}
}

@misc{cite3,
  author = {Lam, Sin Chi},
  month = {09},
  title = {What slow motion speed is your camera?},
  year = {2025}
}
